@article{ahvanooey2019survey,
  title   = {{A Survey of Genetic Programming and Its Applications}},
  author  = {Ahvanooey, Milad Taleby and Li, Qianmu and Wu, Ming and Wang, Shuo},
  journal = {KSII Transactions on Internet and Information Systems},
  volume  = {13},
  number  = {4},
  pages   = {1765--1794},
  year    = {2019},
  doi     = {10.3837/tiis.2019.04.002}
}

@article{deb2002fast,
  title   = {{A fast and elitist multiobjective genetic algorithm: NSGA-II}},
  author  = {Deb, Kalyanmoy and Pratap, Amrit and Agarwal, Sameer and Meyarivan, TAMT},
  journal = {IEEE Transactions on Evolutionary Computation},
  volume  = {6},
  number  = {2},
  pages   = {182--197},
  year    = {2002},
  doi     = {10.1109/4235.996017}
}

@inproceedings{desai2016program,
  title     = {{Program Synthesis using Natural Language}},
  author    = {Desai, Aditya and Gulwani, Sumit and Hingorani, Vineet and Jain, Nidhi and Karkare, Amey and Marron, Mark and Roy, Subhajit},
  booktitle = {Proc. International Conference on Software Engineering},
  pages     = {345--356},
  year      = {2016}
}

@inproceedings{fonseca1993genetic,
  author    = {Fonseca, Carlos M. and Fleming, Peter J.},
  title     = {{Genetic Algorithms for Multiobjective Optimization: FormulationDiscussion and Generalization}},
  year      = {1993},
  isbn      = {1558602992},
  address   = {San Francisco, CA, USA},
  booktitle = {Proc. International Conference on Genetic Algorithms},
  pages     = {416--423},
  numpages  = {8}
}

@article{gazzola2017automatic,
  title   = {{Automatic Software Repair: A Survey}},
  author  = {Gazzola, Luca and Micucci, Daniela and Mariani, Leonardo},
  journal = {IEEE Transactions on Software Engineering},
  volume  = {45},
  number  = {1},
  pages   = {34--67},
  year    = {2017}
}

@book{goldenberg1989genetic,
  author    = {Goldberg, David E.},
  title     = {{Genetic Algorithms in Search, Optimization and Machine Learning}},
  year      = {1989},
  isbn      = {0201157675},
  publisher = {Addison-Wesley Longman Publishing Co., Inc.},
  address   = {USA},
  edition   = {1st}
}

@inproceedings{higo2018kgenprog,
  author    = {Y. {Higo} and S. {Matsumoto} and R. {Arima} and A. {Tanikado} and K. {Naitou} and J. {Matsumoto} and Y. {Tomida} and S. {Kusumoto}},
  booktitle = {Proc. Asia-Pacific Software Engineering Conference},
  title     = {{kGenProg: A High-Performance, High-Extensibility and High-Portability APR System}},
  year      = {2018},
  pages     = {697-698}
}

@inproceedings{knowles2001reducing,
  title     = {{Reducing Local Optima in Single-Objective Problems by Multi-objectivization}},
  author    = {Knowles, Joshua D and Watson, Richard A and Corne, David W},
  booktitle = {Proc. International conference on evolutionary multi-criterion optimization},
  pages     = {269--283},
  year      = {2001}
}

@article{le2011genprog,
  title   = {{GenProg: A Generic Method for Automatic Software Repair}},
  author  = {Goues, Claire Le and Nguyen, ThanhVu and Forrest, Stephanie and Weimer, Westley},
  journal = {IEEE Transactions on Software Engineering},
  volume  = {38},
  number  = {1},
  pages   = {54--72},
  year    = {2012},
  doi     = {10.1109/TSE.2011.104}
}

@inproceedings{long2016analysis,
  title     = {{An Analysis of the Search Spaces for Generate and Validate Patch Generation Systems}},
  author    = {Long, Fan and Rinard, Martin},
  booktitle = {Proc. International Conference on Software Engineering},
  pages     = {702--713},
  year      = {2016}
}

@inproceedings{mauldin1984maintaining,
  title     = {{Maintaining Diversity in Genetic Search}},
  author    = {Mauldin, Michael L.},
  booktitle = {Proc. National Conference on Artificial Intelligence},
  pages     = {247--250},
  year      = {1984}
}

@inproceedings{qi2015analysis,
  title     = {{An Analysis of Patch Plausibility and Correctness for Generate-and-Validate Patch Generation Systems}},
  author    = {Qi, Zichao and Long, Fan and Achour, Sara and Rinard, Martin},
  booktitle = {Proc. International Symposium on Software Testing and Analysis},
  pages     = {24--36},
  year      = {2015}
}

@inproceedings{saha2019harnessing,
  title     = {{Harnessing Evolution for Multi-Hunk Program Repair}},
  author    = {Saha, Seemanta and Saha, Ripon K. and Prasad, Mukal R.},
  booktitle = {Proc. International Conference on Software Engineering},
  pages     = {13--24},
  year      = {2019}
}

@inproceedings{smith2015cure,
  title     = {{Is the Cure Worse Than the Disease? Overfitting in Automated Program Repair}},
  author    = {Smith, Edward K and Barr, Earl T and Goues, Claire Le and Brun, Yuriy},
  booktitle = {Proc. Joint Meeting on Foundations of Software Engineering},
  pages     = {532--543},
  year      = {2015}
}

@inproceedings{tomid2020,
  title     = {遺伝的アルゴリズムを用いた自動プログラム修正手法を応用したプログラミングコンテストの回答の自動生成に向けて},
  author    = {富田裕也 and 松本淳之介 and 柗本真佑 and 肥後芳樹 and 楠本真二 and 倉林利行 and 切貫弘之 and 丹野治門},
  booktitle = {Proc. 情報処理学会研究報告},
  volume    = {2020-SE-204},
  number    = {7},
  pages     = {1-8},
  month     = {3},
  year      = {2020}
}

@inproceedings{wen2018context,
  title     = {{Context-Aware Patch Generation for Better Automated Program Repair}},
  author    = {Wen, Ming and Chen, Junjie and Wu, Rongxin and Hao, Dan and Cheung, S.},
  booktitle = {Proc. International Conference on Software Engineering},
  pages     = {1--11},
  year      = {2018}
}

@article{wong2016survey,
  title   = {{A Survey On Software Fault Localization}},
  author  = {Wong, W Eric and Gao, Ruizhi and Li, Yihao and Abreu, Rui and Wotawa, Franz},
  journal = {IEEE Transactions on Software Engineering},
  volume  = {42},
  number  = {8},
  pages   = {707--740},
  year    = {2016}
}

@inproceedings{zhang2013automatically,
  title     = {{Automatically Synthesizing SQL Queries from Input-Output Examples}},
  author    = {Zhang, Sai and Sun, Yuyin},
  booktitle = {Proc. International Conference on Automated Software Engineering},
  pages     = {224--234},
  year      = {2013}
}
